@article{Gir87,
    title={Linear logic},
    author={Girard, Jean-Yves},
    journal={Theoretical Computer Science},
    volume={50},
    number={1},
    pages={pp. 1-102},
    year={1987}
}

@book{Gir06,
    title={Le point aveugle: cours de logique. 1. Tome 1, Vers la perfection},
    author={Girard, Jean-Yves},
    year={2006},
    publisher={Hermann}
}

@article{Gir01,
    title={LOCUS SOLUM: from the rules of logic to the logic of rules},
    author={Girard, Jean-Yves},
    year={2001}
}

@article{And92,
    title={Logic Programming with Focusing Proofs in Linear Logic},
    author={Andreoli, Jean-Marc},
    year={1992},
    booktitle={Journal of Logic and Computation}
}

@InProceedings{Sau08,
    author="Saurin, Alexis",
    editor="Garcia de la Banda, Maria and Pontelli, Enrico",
    title="Towards Ludics Programming: Interactive Proof Search",
    booktitle="Logic Programming",
    year="2008",
    publisher="Springer Berlin Heidelberg",
    address="Berlin, Heidelberg",
    pages="253--268",
    abstract="Girard [1] introduced Ludics as an interactive theory aiming at overcoming the distinction between syntax and semantics in logic.",
    isbn="978-3-540-89982-2"
}

@article{Ter11,
    author = {Terui, Kazushige},
    year = {2011},
    month = {04},
    pages = {pp. 2048-2071},
    title = {Computational ludics},
    volume = {412},
    journal = {Theoretical Computer Science}
}

@article{Cur05,
    title={Introduction to linear logic and ludics, part {I}},
    author={Curien, Pierre-Louis},
    year={2005},
    pages={513-544},
    booktitle={Advances in Mathematics (China)},
    volume={34},
    number={5}
}

@article{Cur05',
    title={Introduction to linear logic and ludics, part {II}},
    author={Curien, Pierre-Louis},
    year={2005},
    pages={513-544},
    booktitle={Advances in Mathematics (China)},
    volume={34},
    number={5}
}

@inproceedings{FM05,
    author = {Faggian, Claudia and Maurel, Fran√ßois},
    year = {2005},
    month = {07},
    pages = {376-385},
    title = {Ludics Nets, a game Model of Concurrent Interaction},
    isbn = {0-7695-2266-1},
    journal = {Proceedings - Symposium on Logic in Computer Science},
    doi = {10.1109/LICS.2005.25}
}

@article{Maz16,
    title={The true concurrency of differential interaction nets},
    author={Damiano Mazza},
    journal={Mathematical Structures in Computer Science},
    year={2016},
    volume={28},
    pages={1097-1125}
}